@Manual{R-base,
  title = {R: A Language and Environment for Statistical Computing},
  author = {{R Core Team}},
  organization = {R Foundation for Statistical Computing},
  address = {Vienna, Austria},
  year = {2020},
  url = {https://www.R-project.org/},
}
@Manual{R-papaja,
  author = {Frederik Aust and Marius Barth},
  title = {{papaja}: {Create} {APA} manuscripts with {R Markdown}},
  year = {2020},
  note = {R package version 0.1.0.9997},
  url = {https://github.com/crsh/papaja},
}
@Article{R-brms_a,
  title = {{brms}: An {R} Package for {Bayesian} Multilevel Models Using {Stan}},
  author = {Paul-Christian Bürkner},
  journal = {Journal of Statistical Software},
  year = {2017},
  volume = {80},
  number = {1},
  pages = {1--28},
  doi = {10.18637/jss.v080.i01},
  encoding = {UTF-8},
}
@Article{R-brms_b,
  title = {Advanced {Bayesian} Multilevel Modeling with the {R} Package {brms}},
  author = {Paul-Christian Bürkner},
  journal = {The R Journal},
  year = {2018},
  volume = {10},
  number = {1},
  pages = {395--411},
  doi = {10.32614/RJ-2018-017},
  encoding = {UTF-8},
}
@Manual{R-dplyr,
  title = {dplyr: A Grammar of Data Manipulation},
  author = {Hadley Wickham and Romain François and Lionel {
             Henry} and Kirill Müller},
  year = {2020},
  note = {R package version 1.0.2},
  url = {https://CRAN.R-project.org/package=dplyr},
}
@Manual{R-forcats,
  title = {forcats: Tools for Working with Categorical Variables (Factors)},
  author = {Hadley Wickham},
  year = {2020},
  note = {R package version 0.5.0},
  url = {https://CRAN.R-project.org/package=forcats},
}
@Book{R-ggplot2,
  author = {Hadley Wickham},
  title = {ggplot2: Elegant Graphics for Data Analysis},
  publisher = {Springer-Verlag New York},
  year = {2016},
  isbn = {978-3-319-24277-4},
  url = {https://ggplot2.tidyverse.org},
}
@Manual{R-here,
  title = {here: A Simpler Way to Find Your Files},
  author = {Kirill Müller},
  year = {2020},
  note = {R package version 1.0.1},
  url = {https://CRAN.R-project.org/package=here},
}
@Article{R-jsonlite,
  title = {The jsonlite Package: A Practical and Consistent Mapping Between JSON Data and R Objects},
  author = {Jeroen Ooms},
  journal = {arXiv:1403.2805 [stat.CO]},
  year = {2014},
  url = {https://arxiv.org/abs/1403.2805},
}
@Article{R-lme4,
  title = {Fitting Linear Mixed-Effects Models Using {lme4}},
  author = {Douglas Bates and Martin M{\"a}chler and Ben Bolker and Steve Walker},
  journal = {Journal of Statistical Software},
  year = {2015},
  volume = {67},
  number = {1},
  pages = {1--48},
  doi = {10.18637/jss.v067.i01},
}
@Manual{R-Matrix,
  title = {Matrix: Sparse and Dense Matrix Classes and Methods},
  author = {Douglas Bates and Martin Maechler},
  year = {2021},
  note = {R package version 1.3-2},
  url = {https://CRAN.R-project.org/package=Matrix},
}
@Manual{R-purrr,
  title = {purrr: Functional Programming Tools},
  author = {Lionel Henry and Hadley Wickham},
  year = {2020},
  note = {R package version 0.3.4},
  url = {https://CRAN.R-project.org/package=purrr},
}
@Article{R-Rcpp_a,
  title = {{Rcpp}: Seamless {R} and {C++} Integration},
  author = {Dirk Eddelbuettel and Romain Fran\c{c}ois},
  journal = {Journal of Statistical Software},
  year = {2011},
  volume = {40},
  number = {8},
  pages = {1--18},
  url = {http://www.jstatsoft.org/v40/i08/},
  doi = {10.18637/jss.v040.i08},
}
@Article{R-Rcpp_b,
  title = {{Extending 	extit{R} with 	extit{C++}: A Brief Introduction to 	extit{Rcpp}}},
  author = {Dirk Eddelbuettel and James Joseph Balamuta},
  journal = {PeerJ Preprints},
  year = {2017},
  month = {aug},
  volume = {5},
  pages = {e3188v1},
  issn = {2167-9843},
  url = {https://doi.org/10.7287/peerj.preprints.3188v1},
  doi = {10.7287/peerj.preprints.3188v1},
}
@Manual{R-readr,
  title = {readr: Read Rectangular Text Data},
  author = {Hadley Wickham and Jim Hester},
  year = {2020},
  note = {R package version 1.4.0},
  url = {https://CRAN.R-project.org/package=readr},
}
@Manual{R-rlang,
  title = {rlang: Functions for Base Types and Core R and 'Tidyverse' Features},
  author = {Lionel Henry and Hadley Wickham},
  year = {2020},
  note = {R package version 0.4.10},
  url = {https://CRAN.R-project.org/package=rlang},
}
@Misc{R-rstan,
  title = {{RStan}: the {R} interface to {Stan}},
  author = {{Stan Development Team}},
  note = {R package version 2.21.2},
  year = {2020},
  url = {http://mc-stan.org/},
}
@Misc{R-StanHeaders,
  title = {{StanHeaders}: Headers for the {R} interface to {Stan}},
  author = {{Stan Development Team}},
  note = {R package version 2.21.0-6},
  year = {2020},
  url = {https://mc-stan.org/},
}
@Manual{R-stringr,
  title = {stringr: Simple, Consistent Wrappers for Common String Operations},
  author = {Hadley Wickham},
  year = {2019},
  note = {R package version 1.4.0},
  url = {https://CRAN.R-project.org/package=stringr},
}
@Manual{R-tibble,
  title = {tibble: Simple Data Frames},
  author = {Kirill Müller and Hadley Wickham},
  year = {2020},
  note = {R package version 3.0.4},
  url = {https://CRAN.R-project.org/package=tibble},
}
@Manual{R-tidyr,
  title = {tidyr: Tidy Messy Data},
  author = {Hadley Wickham},
  year = {2020},
  note = {R package version 1.1.2},
  url = {https://CRAN.R-project.org/package=tidyr},
}
@Article{R-tidyverse,
  title = {Welcome to the {tidyverse}},
  author = {Hadley Wickham and Mara Averick and Jennifer Bryan and Winston Chang and Lucy D'Agostino McGowan and Romain François and Garrett Grolemund and Alex Hayes and Lionel Henry and Jim Hester and Max Kuhn and Thomas Lin Pedersen and Evan Miller and Stephan Milton Bache and Kirill Müller and Jeroen Ooms and David Robinson and Dana Paige Seidel and Vitalie Spinu and Kohske Takahashi and Davis Vaughan and Claus Wilke and Kara Woo and Hiroaki Yutani},
  year = {2019},
  journal = {Journal of Open Source Software},
  volume = {4},
  number = {43},
  pages = {1686},
  doi = {10.21105/joss.01686},
}
