@article{almaatouqEmpiricaVirtualLab2020,
  ids = {almaatouqEmpiricaVirtualLab2021},
  title = {Empirica: A Virtual Lab for High-Throughput Macro-Level Experiments},
  shorttitle = {Empirica},
  author = {Almaatouq, Abdullah and Becker, Joshua and Houghton, James P. and Paton, Nicolas and Watts, Duncan J. and Whiting, Mark E.},
  date = {2020-12-30},
  journaltitle = {ArXiv200611398 Cs},
  eprint = {2006.11398},
  eprinttype = {arxiv},
  eprintclass = {cs},
  url = {http://arxiv.org/abs/2006.11398},
  urldate = {2021-02-09},
  keywords = {Computer Science - Computers and Society,Computer Science - Human-Computer Interaction,Computer Science - Social and Information Networks,read},
}

@inproceedings{baumannOverspecificationCostPragmatic2014,
  title = {Overspecification and the {{Cost}} of {{Pragmatic Reasoning}} about {{Referring Expressions}}},
  booktitle = {Proc. {{Annu}}. {{Meet}}. {{Cogn}}. {{Sci}}. {{Soc}}.},
  author = {Baumann, Peter and Clark, Brady and Kaufmann, Stefan},
  date = {2014},
  volume = {36},
  eventtitle = {{{CogSci}}},
  langid = {english},
  keywords = {read},
  file = {/home/vboyce/Zotero/storage/LYTN8NP6/Baumann et al. - OverspeciÔ¨Åcation and the Cost of Pragmatic Reasoni.pdf}
}

@article{braakComputationalChallengesExplaining2021,
  ids = {vandebraakComputationalChallengesExplaining2021},
  title = {Computational Challenges in Explaining Communication: {{How}} Deep the Rabbit Hole Goes},
  shorttitle = {Computational Challenges in Explaining Communication},
  author = {family=Braak, given=Laura, prefix=van de, useprefix=false and Dingemanse, Mark and Toni, Ivan and family=Rooij, given=Iris, prefix=van, useprefix=false and Blokpoel, Mark},
  date = {2021-05-20T13:23:15},
  publisher = {{PsyArXiv}},
  doi = {10.31234/osf.io/3wh5g},
  url = {https://psyarxiv.com/3wh5g/},
  urldate = {2021-05-25},
}

@article{brennanConceptualPactsLexical1996,
  ids = {brennanConceptualPactsLexicala},
  title = {Conceptual {{Pacts}} and {{Lexical Choice}} in {{Conversation}}},
  author = {Brennan, Susan E and Clark, Herbert H},
  date = {1996},
  pages = {12},
  langid = {english},
  keywords = {read},
}

@incollection{brown-schmidtPeopleContextsConversation2015,
  title = {People as {{Contexts}} in {{Conversation}}},
  booktitle = {Psychology of {{Learning}} and {{Motivation}}},
  author = {Brown-Schmidt, Sarah and Yoon, Si On and Ryskin, Rachel Anna},
  date = {2015},
  volume = {62},
  pages = {59--99},
  publisher = {{Elsevier}},
  doi = {10.1016/bs.plm.2014.09.003},
  url = {https://linkinghub.elsevier.com/retrieve/pii/S0079742114000048},
  urldate = {2020-10-01},
  isbn = {978-0-12-802273-3},
  langid = {english},
  keywords = {read},
  file = {/home/vboyce/Zotero/storage/GFLWMIBE/Brown-Schmidt et al. - 2015 - People as Contexts in Conversation.pdf}
}

@article{branigan2006,
	author = {Branigan, Holly},
	date-added = {2022-02-01 10:48:23 -0800},
	date-modified = {2022-02-01 10:48:28 -0800},
	journal = {Research on Language and Computation},
	number = {2},
	pages = {153--177},
	publisher = {Springer},
	title = {Perspectives on multi-party dialogue},
	volume = {4},
	year = {2006}}
	
	@article{fox-tree2013,
	annotation = {\_eprint: https://doi.org/10.1080/0163853X.2013.797241},
	author = {Fox Tree, Jean E. and Clark, Nathaniel B.},
	date-modified = {2022-02-01 10:42:55 -0800},
	doi = {10.1080/0163853X.2013.797241},
	ids = {foxtreeCommunicativeEffectivenessWritten2013a},
	issn = {0163-853X},
	journal = {Discourse Processes},
	month = jul,
	number = {5},
	pages = {339--359},
	publisher = {{Routledge}},
	title = {Communicative {{Effectiveness}} of {{Written Versus Spoken Feedback}}},
	volume = {50},
	year = {2013},
	bdsk-url-1 = {https://doi.org/10.1080/0163853X.2013.797241}}


@article{ginzburg2005,
	author = {Ginzburg, Jonathan and Fernandez, Raquel},
	date-modified = {2022-02-01 10:51:30 -0800},
	journal = {Proceedings of DIALOR},
	langid = {english},
	pages = {9},
	title = {Action at a Distance: The Difference between Dialogue and Multilogue},
	year = {2005}}
	
	
	@article{horton2005,
	author = {Horton, William S. and Gerrig, Richard J.},
	date-modified = {2022-02-01 10:44:32 -0800},
	doi = {10.1016/j.cognition.2004.07.001},
	ids = {hortonImpactMemoryDemands2005a},
	issn = {00100277},
	journal = {Cognition},
	keywords = {read},
	langid = {english},
	month = jun,
	number = {2},
	pages = {127--142},
	title = {The Impact of Memory Demands on Audience Design during Language Production},
	volume = {96},
	year = {2005},
	bdsk-url-1 = {https://doi.org/10.1016/j.cognition.2004.07.001}}

@article{horton2002,
	author = {Horton, William S and Gerrig, Richard J},
	date-modified = {2022-02-01 10:44:32 -0800},
	ids = {hortonSpeakersOExperiencesAudience2002a},
	journal = {Journal of Memory and Language},
	keywords = {read},
	langid = {english},
	pages = {18},
	title = {{{Speakers\~O}} Experiences and Audience Design: Knowing When and Knowing How to Adjust Utterances to Addresseesq},
	year = {2002}}


@article{kraussConcurrentFeedbackConfirmation1966,
	author = {Krauss, Robert M. and Weinheimer, Sidney},
	doi = {10.1037/h0023705},
	file = {/home/vboyce/Zotero/storage/P4ZS8MPV/Krauss and Weinheimer - 1966 - Concurrent feedback, confirmation, and the encodin.pdf},
	issn = {1939-1315, 0022-3514},
	journal = {Journal of Personality and Social Psychology},
	langid = {english},
	number = {3},
	pages = {343--346},
	title = {Concurrent Feedback, Confirmation, and the Encoding of Referents in Verbal Communication.},
	volume = {4},
	year = {1966},
	bdsk-url-1 = {https://doi.org/10.1037/h0023705}}
@article{carletta1998,
  title = {Placement of {{Authority}} and {{Communication Patterns}} in {{Workplace Groups}}: {{The Consequences}} for {{Innovation}}},
  shorttitle = {Placement of {{Authority}} and {{Communication Patterns}} in {{Workplace Groups}}},
  author = {Carletta, Jean and Garrod, Simon and Fraser-Krauss, Heidi},
  date = {1998-10-01},
  journaltitle = {Small Group Research},
  volume = {29},
  number = {5},
  pages = {531--559},
  publisher = {{SAGE Publications Inc}},
  issn = {1046-4964},
  doi = {10.1177/1046496498295001},
  url = {https://doi.org/10.1177/1046496498295001},
  urldate = {2022-02-01},
  keywords = {read},
}

@article{clarkReferringCollaborativeProcess1986,
  title = {Referring as a Collaborative Process},
  author = {Clark, Herbert H and Wilkes-Gibbs, Deanna},
  date = {1986},
  journaltitle = {Cognition},
  url = {http://www.speech.kth.se/~edlund/bielefeld/references/clark-and-wilkes-gibbs-1986.pdf},
  urldate = {2020-10-06},
  keywords = {read},
}

@article{fay2000,
  title = {Group {{Discussion}} as {{Interactive Dialogue}} or as {{Serial Monologue}}: {{The Influence}} of {{Group Size}}},
  shorttitle = {Group {{Discussion}} as {{Interactive Dialogue}} or as {{Serial Monologue}}},
  author = {Fay, Nicolas and Garrod, Simon and Carletta, Jean},
  date = {2000-11},
  journaltitle = {Psychol Sci},
  volume = {11},
  number = {6},
  pages = {481--486},
  issn = {0956-7976, 1467-9280},
  doi = {10.1111/1467-9280.00292},
  url = {http://journals.sagepub.com/doi/10.1111/1467-9280.00292},
  urldate = {2022-02-01},
  langid = {english},
  keywords = {read},
}

@article{foxtree2013,
  ids = {foxtreeCommunicativeEffectivenessWritten2013a},
  title = {Communicative {{Effectiveness}} of {{Written Versus Spoken Feedback}}},
  author = {Fox Tree, Jean E. and Clark, Nathaniel B.},
  date = {2013-07-01},
  journaltitle = {Discourse Process.},
  volume = {50},
  number = {5},
  pages = {339--359},
  publisher = {{Routledge}},
  issn = {0163-853X},
  doi = {10.1080/0163853X.2013.797241},
  url = {https://doi.org/10.1080/0163853X.2013.797241},
  urldate = {2022-02-01},
  keywords = {read},
}

@report{frankModelingClassroomTeaching2018,
  type = {preprint},
  title = {Modeling Classroom Teaching as Optimal Communication},
  author = {Frank, Michael C. and Liu, Lawrence},
  date = {2018-12-05},
  institution = {{PsyArXiv}},
  doi = {10.31234/osf.io/bucqx},
  url = {https://osf.io/bucqx},
  urldate = {2020-09-15},
  langid = {english},
  keywords = {read},
}

@article{frankPredictingPragmaticReasoning2012,
  ids = {frankPredictingPragmaticReasoning2012a},
  title = {Predicting {{Pragmatic Reasoning}} in {{Language Games}}},
  author = {Frank, M. C. and Goodman, N. D.},
  date = {2012-05-25},
  journaltitle = {Science},
  volume = {336},
  number = {6084},
  pages = {998--998},
  issn = {0036-8075, 1095-9203},
  doi = {10.1126/science.1218633},
  url = {https://www.sciencemag.org/lookup/doi/10.1126/science.1218633},
  urldate = {2020-09-18},
  langid = {english},
  keywords = {read},
}

@article{garrod2007,
  title = {Foundations of {{Representation}}: {{Where Might Graphical Symbol Systems Come From}}?},
  shorttitle = {Foundations of {{Representation}}},
  author = {Garrod, Simon and Fay, Nicolas and Lee, John and Oberlander, Jon and MacLeod, Tracy},
  date = {2007-11-12},
  journaltitle = {Cogn. Sci.},
  volume = {31},
  number = {6},
  pages = {961--987},
  issn = {03640213},
  doi = {10.1080/03640210701703659},
  url = {http://doi.wiley.com/10.1080/03640210701703659},
  urldate = {2022-02-01},
  langid = {english},
  keywords = {read},
}

@article{garrodConversationCoordinationConvention1994,
  title = {Conversation, Co-Ordination and Convention: An Empirical Investigation of How Groups Establish Linguistic Conventions},
  author = {Garrod, Simon and Doherty, Alice},
  date = {1994},
  pages = {12},
  langid = {english},
  keywords = {read},
  file = {/home/vboyce/Zotero/storage/8LZ6NDH5/garrod.pdf}
}

@article{garrodJointActionInteractive2009,
  title = {Joint {{Action}}, {{Interactive Alignment}}, and {{Dialog}}},
  author = {Garrod, Simon and Pickering, Martin J.},
  date = {2009-04},
  journaltitle = {Top. Cogn. Sci.},
  volume = {1},
  number = {2},
  pages = {292--304},
  issn = {17568757, 17568765},
  doi = {10.1111/j.1756-8765.2009.01020.x},
  url = {http://doi.wiley.com/10.1111/j.1756-8765.2009.01020.x},
  urldate = {2020-10-06},
  langid = {english},
  keywords = {read},
}

@article{gatesHowBeHelpful2020,
  title = {How to {{Be Helpful}} to {{Multiple People}} at {{Once}}},
  author = {Gates, Vael and Griffiths, Thomas L. and Dragan, Anca D.},
  date = {2020},
  journaltitle = {Cogn. Sci.},
  volume = {44},
  number = {6},
  pages = {e12841},
  issn = {1551-6709},
  doi = {10.1111/cogs.12841},
  url = {https://onlinelibrary.wiley.com/doi/abs/10.1111/cogs.12841},
  urldate = {2021-05-11},
  langid = {english},
  keywords = {Assistive artificial intelligence,Fairness,Maximin,Modeling,Preferences,read},
}

@article{ginzburg,
  title = {Action at a Distance: The Difference between Dialogue and Multilogue},
  author = {Ginzburg, Jonathan and Fernandez, Raquel},
  pages = {9},
  langid = {english},
  keywords = {read},
}

@article{goodmanPragmaticLanguageInterpretation2016,
  ids = {goodmanPragmaticLanguageInterpretation2016a},
  title = {Pragmatic {{Language Interpretation}} as {{Probabilistic Inference}}},
  author = {Goodman, Noah D. and Frank, Michael C.},
  date = {2016-11},
  journaltitle = {Trends in Cognitive Sciences},
  volume = {20},
  number = {11},
  pages = {818--829},
  issn = {13646613},
  doi = {10.1016/j.tics.2016.08.005},
  url = {https://linkinghub.elsevier.com/retrieve/pii/S136466131630122X},
  urldate = {2020-07-07},
  langid = {english},
  keywords = {read},
}

@inproceedings{haber2019,
  title = {The {{PhotoBook Dataset}}: {{Building Common Ground}} through {{Visually-Grounded Dialogue}}},
  shorttitle = {The {{PhotoBook Dataset}}},
  booktitle = {Proc. 57th {{Annu}}. {{Meet}}. {{Assoc}}. {{Comput}}. {{Linguist}}.},
  author = {Haber, Janosch and Baumg√§rtner, Tim and Takmaz, Ece and Gelderloos, Lieke and Bruni, Elia and Fern√°ndez, Raquel},
  date = {2019},
  pages = {1895--1910},
  publisher = {{Association for Computational Linguistics}},
  location = {{Florence, Italy}},
  doi = {10.18653/v1/P19-1184},
  url = {https://www.aclweb.org/anthology/P19-1184},
  urldate = {2022-02-01},
  eventtitle = {Proceedings of the 57th {{Annual Meeting}} of the {{Association}} for {{Computational Linguistics}}},
  langid = {english},
  keywords = {read},
}

@article{hawkins2019,
  title = {The {{Emergence}} of {{Social Norms}} and {{Conventions}}},
  author = {Hawkins, Robert X.D. and Goodman, Noah D. and Goldstone, Robert L.},
  date = {2019-02},
  journaltitle = {Trends in Cognitive Sciences},
  volume = {23},
  number = {2},
  pages = {158--169},
  issn = {13646613},
  doi = {10.1016/j.tics.2018.11.003},
  url = {https://linkinghub.elsevier.com/retrieve/pii/S1364661318302626},
  urldate = {2020-05-04},
  langid = {english},
  keywords = {read},
}

@article{hawkinsCharacterizingDynamicsLearning2020,
  title = {Characterizing the Dynamics of Learning in Repeated Reference Games},
  author = {Hawkins, Robert D. and Frank, Michael C. and Goodman, Noah D.},
  date = {2020-04-13},
  journaltitle = {ArXiv191207199 Cs},
  eprint = {1912.07199},
  eprinttype = {arxiv},
  eprintclass = {cs},
  url = {http://arxiv.org/abs/1912.07199},
  urldate = {2020-07-15},
  keywords = {Computer Science - Computation and Language,read},
}

@article{hawkinsConductingRealtimeMultiplayer2015,
  title = {Conducting Real-Time Multiplayer Experiments on the Web},
  author = {Hawkins, Robert X. D.},
  date = {2015-12},
  journaltitle = {Behav Res},
  volume = {47},
  number = {4},
  pages = {966--976},
  issn = {1554-3528},
  doi = {10.3758/s13428-014-0515-6},
  url = {http://link.springer.com/10.3758/s13428-014-0515-6},
  urldate = {2020-11-30},
  langid = {english},
  keywords = {read},
}

@article{hawkinsContinualAdaptationEfficient2020,
  ids = {hawkinsContinualAdaptationEfficient2020a},
  title = {Continual Adaptation for Efficient Machine Communication},
  author = {Hawkins, Robert D. and Kwon, Minae and Sadigh, Dorsa and Goodman, Noah D.},
  date = {2020-10-13},
  journaltitle = {ArXiv191109896 Cs},
  eprint = {1911.09896},
  eprinttype = {arxiv},
  eprintclass = {cs},
  url = {http://arxiv.org/abs/1911.09896},
  urldate = {2020-12-02},
  keywords = {Computer Science - Computation and Language,read},
}

@article{hawkinsConventionformationIteratedReference,
  title = {Convention-Formation in Iterated Reference Games},
  author = {Hawkins, Robert X D and Frank, Michael C and Goodman, Noah D},
  pages = {6},
  langid = {english},
  keywords = {read},
}

@article{hawkinsGeneralizingMeaningsPartners2020,
  ids = {hawkinsGeneralizingMeaningsPartners2020a},
  title = {Generalizing Meanings from Partners to Populations: {{Hierarchical}} Inference Supports Convention Formation on Networks},
  shorttitle = {Generalizing Meanings from Partners to Populations},
  author = {Hawkins, Robert D. and Goodman, Noah D. and Goldberg, Adele E. and Griffiths, Thomas L.},
  date = {2020},
  journaltitle = {ArXiv200201510 Cs},
  eprint = {2002.01510},
  eprinttype = {arxiv},
  eprintclass = {cs},
  url = {http://arxiv.org/abs/2002.01510},
  urldate = {2020-10-01},
  keywords = {Computer Science - Computation and Language,Computer Science - Social and Information Networks,read},
  file = {/home/vboyce/Zotero/storage/2CMCH58R/Hawkins et al. - 2020 - Generalizing meanings from partners to populations.pdf;/home/vboyce/Zotero/storage/H6PSRZ7M/Hawkins et al. - 2020 - Generalizing meanings from partners to populations.pdf;/home/vboyce/Zotero/storage/M8AVSFVJ/2002.html;/home/vboyce/Zotero/storage/Y3MZZJ3Q/2002.html}
}

@article{healey2018,
  title = {Running {{Repairs}}: {{Coordinating Meaning}} in {{Dialogue}}},
  shorttitle = {Running {{Repairs}}},
  author = {Healey, Patrick G. T. and Mills, Gregory J. and Eshghi, Arash and Howes, Christine},
  date = {2018},
  journaltitle = {Top. Cogn. Sci.},
  volume = {10},
  number = {2},
  pages = {367--388},
  issn = {1756-8765},
  doi = {10.1111/tops.12336},
  url = {https://onlinelibrary.wiley.com/doi/abs/10.1111/tops.12336},
  urldate = {2022-02-01},
  langid = {english},
  keywords = {Dialogue,Miscommunication,read,Repair},
  file = {/home/vboyce/Zotero/storage/QFQVNEEN/Healey et al. - 2018 - Running Repairs Coordinating Meaning in Dialogue.pdf;/home/vboyce/Zotero/storage/4UVAJRS5/tops.html}
}

@article{hortonImpactMemoryDemands2005,
  ids = {hortonImpactMemoryDemands2005a},
  title = {The Impact of Memory Demands on Audience Design during Language Production},
  author = {Horton, William S. and Gerrig, Richard J.},
  date = {2005-06},
  journaltitle = {Cognition},
  volume = {96},
  number = {2},
  pages = {127--142},
  issn = {00100277},
  doi = {10.1016/j.cognition.2004.07.001},
  url = {https://linkinghub.elsevier.com/retrieve/pii/S0010027704001416},
  urldate = {2021-05-11},
  langid = {english},
  keywords = {read},
  file = {/home/vboyce/Zotero/storage/3WGVTVNW/Horton and Gerrig - 2005 - The impact of memory demands on audience design du.pdf;/home/vboyce/Zotero/storage/KG6N9MS6/Horton and Gerrig - 2005 - The impact of memory demands on audience design du.pdf}
}

@article{hortonSpeakersOExperiencesAudience2002,
  ids = {hortonSpeakersOExperiencesAudience2002a},
  title = {{{Speakers√ï}} Experiences and Audience Design: Knowing When and Knowing How to Adjust Utterances to Addresseesq},
  author = {Horton, William S and Gerrig, Richard J},
  date = {2002},
  journaltitle = {J. Mem. Lang.},
  pages = {18},
  langid = {english},
  keywords = {read},
  file = {/home/vboyce/Zotero/storage/UIEDUCKP/Horton and Gerrig - 2002 - Speakers√ï experiences and audience design knowing.pdf;/home/vboyce/Zotero/storage/X9XF97M4/Horton and Gerrig - 2002 - Speakers√ï experiences and audience design knowing.pdf}
}

@article{ibarraFlexibilityConceptualPacts2016,
  title = {The {{Flexibility}} of {{Conceptual Pacts}}: {{Referring Expressions Dynamically Shift}} to {{Accommodate New Conceptualizations}}},
  shorttitle = {The {{Flexibility}} of {{Conceptual Pacts}}},
  author = {Ibarra, Alyssa and Tanenhaus, Michael K.},
  date = {2016-04-25},
  journaltitle = {Front. Psychol.},
  volume = {7},
  issn = {1664-1078},
  doi = {10.3389/fpsyg.2016.00561},
  url = {http://journal.frontiersin.org/Article/10.3389/fpsyg.2016.00561/abstract},
  urldate = {2020-10-03},
  langid = {english},
  keywords = {read},
  file = {/home/vboyce/Zotero/storage/6IH4D4X7/Ibarra and Tanenhaus - 2016 - The Flexibility of Conceptual Pacts Referring Exp.pdf}
}

@article{krauss1966,
  title = {Concurrent Feedback, Confirmation, and the Encoding of Referents in Verbal Communication.},
  author = {Krauss, Robert M. and Weinheimer, Sidney},
  date = {1966},
  journaltitle = {Journal of Personality and Social Psychology},
  volume = {4},
  number = {3},
  pages = {343--346},
  issn = {1939-1315, 0022-3514},
  doi = {10.1037/h0023705},
  url = {http://doi.apa.org/getdoi.cfm?doi=10.1037/h0023705},
  urldate = {2022-02-01},
  langid = {english},
  keywords = {read},
  file = {/home/vboyce/Zotero/storage/P4ZS8MPV/Krauss and Weinheimer - 1966 - Concurrent feedback, confirmation, and the encodin.pdf}
}

@article{kraussChangesReferencePhrases1964,
  ids = {kraussChangesReferencePhrases1964a},
  title = {Changes in Reference Phrases as a Function of Frequency of Usage in Social Interaction: A Preliminary Study},
  shorttitle = {Changes in Reference Phrases as a Function of Frequency of Usage in Social Interaction},
  author = {Krauss, Robert M. and Weinheimer, Sidney},
  date = {1964-01},
  journaltitle = {Psychon Sci},
  volume = {1},
  number = {1-12},
  pages = {113--114},
  issn = {0033-3131, 2197-9952},
  doi = {10.3758/BF03342817},
  url = {http://link.springer.com/10.3758/BF03342817},
  urldate = {2021-07-31},
  langid = {english},
  keywords = {read},
  file = {/home/vboyce/Zotero/storage/FRG2PWIY/Krauss and Weinheimer - 1964 - Changes in reference phrases as a function of freq.pdf;/home/vboyce/Zotero/storage/I4DBSZ58/Krauss and Weinheimer - 1964 - Changes in reference phrases as a function of freq.pdf}
}

@article{metzingWhenConceptualPacts2003,
  ids = {metzingWhenConceptualPacts2003a},
  title = {When Conceptual Pacts Are Broken: {{Partner-specific}} Effects on the Comprehension of Referring Expressions},
  shorttitle = {When Conceptual Pacts Are Broken},
  author = {Metzing, Charles and Brennan, Susan E.},
  date = {2003-08-01},
  journaltitle = {Journal of Memory and Language},
  volume = {49},
  number = {2},
  pages = {201--213},
  issn = {0749-596X},
  doi = {10.1016/S0749-596X(03)00028-7},
  url = {http://www.sciencedirect.com/science/article/pii/S0749596X03000287},
  urldate = {2020-12-02},
  langid = {english},
  keywords = {read},
  file = {/home/vboyce/Zotero/storage/XBZNT687/Metzing - 2003 - When conceptual pacts are broken Partner-specific.pdf;/home/vboyce/Zotero/storage/HD4ATNGW/S0749596X03000287.html}
}

@article{pickeringMechanisticPsychologyDialogue2004,
  title = {Toward a Mechanistic Psychology of Dialogue},
  author = {Pickering, Martin J. and Garrod, Simon},
  date = {2004-04},
  journaltitle = {Behav. Brain Sci.},
  volume = {27},
  number = {02},
  issn = {0140-525X, 1469-1825},
  doi = {10.1017/S0140525X04000056},
  url = {http://www.journals.cambridge.org/abstract_S0140525X04000056},
  urldate = {2020-10-06},
  langid = {english},
  keywords = {read},
  file = {/home/vboyce/Zotero/storage/SIT3MYKW/Pickering and Garrod - 2004 - Toward a mechanistic psychology of dialogue.pdf}
}

@article{schober1989,
  title = {Understanding by Addressees and Overhearers},
  author = {Schober, Michael F and Clark, Herbert H},
  date = {1989-04},
  journaltitle = {Cognitive Psychology},
  volume = {21},
  number = {2},
  pages = {211--232},
  issn = {00100285},
  doi = {10.1016/0010-0285(89)90008-X},
  url = {https://linkinghub.elsevier.com/retrieve/pii/001002858990008X},
  urldate = {2022-02-01},
  langid = {english},
  keywords = {read},
  file = {/home/vboyce/Zotero/storage/ZDTA9P82/Schober and Clark - 1989 - Understanding by addressees and overhearers.pdf}
}

@article{tolins2016,
  title = {Overhearers {{Use Addressee Backchannels}} in {{Dialog Comprehension}}},
  author = {Tolins, Jackson and Fox Tree, Jean E.},
  date = {2016-08},
  journaltitle = {Cogn Sci},
  volume = {40},
  number = {6},
  pages = {1412--1434},
  issn = {03640213},
  doi = {10.1111/cogs.12278},
  url = {https://onlinelibrary.wiley.com/doi/10.1111/cogs.12278},
  urldate = {2022-02-01},
  langid = {english},
  keywords = {read},
  file = {/home/vboyce/Zotero/storage/93U3GRYT/Tolins and Fox Tree - 2016 - Overhearers Use Addressee Backchannels in Dialog C.pdf}
}

@incollection{traum2004,
  ids = {traumIssuesMultipartyDialogues2004a},
  title = {Issues in {{Multiparty Dialogues}}},
  booktitle = {Advances in {{Agent Communication}}},
  author = {Traum, David},
  editor = {Dignum, Frank},
  date = {2004},
  volume = {2922},
  pages = {201--211},
  publisher = {{Springer Berlin Heidelberg}},
  location = {{Berlin, Heidelberg}},
  doi = {10.1007/978-3-540-24608-4_12},
  url = {http://link.springer.com/10.1007/978-3-540-24608-4_12},
  urldate = {2022-02-01},
  abstract = {Thi5 article exanunes some of the issues in representation of, procc\textasciitilde\textasciitilde ing, and},
  editorb = {Goos, Gerhard and Hartmanis, Juris and family=Leeuwen, given=Jan, prefix=van, useprefix=true},
  editorbtype = {redactor},
  isbn = {978-3-540-20769-6 978-3-540-24608-4},
  keywords = {read},
  file = {/home/vboyce/Zotero/storage/6JC5JUWX/Traum - 2004 - Issues in Multiparty Dialogues.pdf}
}

@article{weber2003,
  title = {Cultural {{ConÔ¨Çict}} and {{Merger Failure}}: {{An Experimental Approach}}},
  author = {Weber, Roberto A and Camerer, Colin F},
  date = {2003},
  journaltitle = {Manag. Sci.},
  volume = {49},
  number = {4},
  pages = {16},
  langid = {english},
  keywords = {read},
  file = {/home/vboyce/Zotero/storage/J4CX7UN3/Weber and Camerer - 2003 - Cultural ConÔ¨Çict and Merger Failure An Experiment.pdf}
}

@article{wilkes-gibbsCoordinatingBeliefsConversation1992,
  title = {Coordinating Beliefs in Conversation},
  author = {Wilkes-Gibbs, Deanna and Clark, H.},
  date = {1992},
  journaltitle = {J. Mem. Lang.},
  pages = {183--194},
  keywords = {read},
  file = {/home/vboyce/Zotero/storage/QNRMAUJI/Clark - 1992 - Coordinating beliefs in conversation.pdf}
}

@article{wuEffectInformationOverlap2007,
  title = {The {{Effect}} of {{Information Overlap}} on {{Communication Effectiveness}}},
  author = {Wu, Shali and Keysar, Boaz},
  date = {2007},
  journaltitle = {Cogn. Sci.},
  volume = {31},
  number = {1},
  pages = {169--181},
  issn = {1551-6709},
  doi = {10.1080/03640210709336989},
  url = {https://onlinelibrary.wiley.com/doi/abs/10.1080/03640210709336989},
  urldate = {2021-05-11},
  langid = {english},
  keywords = {Communication effectiveness,Information,Language use,read,Reference,Satisficing},
  file = {/home/vboyce/Zotero/storage/BK4CDQXY/Wu and Keysar - 2007 - The Effect of Information Overlap on Communication.pdf;/home/vboyce/Zotero/storage/BCHLXVZW/03640210709336989.html}
}

@article{yoon2018,
  title = {Aim {{Low}}: {{Mechanisms}} of {{Audience Design}} in {{Multiparty Conversation}}},
  shorttitle = {Aim {{Low}}},
  author = {Yoon, Si On and Brown-Schmidt, Sarah},
  date = {2018-10-03},
  journaltitle = {Discourse Processes},
  volume = {55},
  number = {7},
  pages = {566--592},
  issn = {0163-853X, 1532-6950},
  doi = {10.1080/0163853X.2017.1286225},
  url = {https://www.tandfonline.com/doi/full/10.1080/0163853X.2017.1286225},
  urldate = {2022-02-01},
  langid = {english},
  keywords = {read},
  file = {/home/vboyce/Zotero/storage/L962E8K3/Yoon and Brown-Schmidt - 2018 - Aim Low Mechanisms of Audience Design in Multipar.pdf}
}

@article{yoonAdjustingConceptualPacts2014,
  title = {Adjusting Conceptual Pacts in Three-Party Conversation.},
  author = {Yoon, Si On and Brown-Schmidt, Sarah},
  date = {2014},
  journaltitle = {Journal of Experimental Psychology: Learning, Memory, and Cognition},
  volume = {40},
  number = {4},
  pages = {919--937},
  issn = {1939-1285, 0278-7393},
  doi = {10.1037/a0036161},
  url = {http://doi.apa.org/getdoi.cfm?doi=10.1037/a0036161},
  urldate = {2020-10-02},
  langid = {english},
  keywords = {read},
  file = {/home/vboyce/Zotero/storage/2HVB89VE/Yoon and Brown-Schmidt - 2014 - Adjusting conceptual pacts in three-party conversa.pdf}
}

@article{yoonAudienceDesignMultiparty2019,
  title = {Audience {{Design}} in {{Multiparty Conversation}}},
  author = {Yoon, Si On and Brown‚ÄêSchmidt, Sarah},
  date = {2019},
  journaltitle = {Cogn. Sci.},
  volume = {43},
  number = {8},
  pages = {e12774},
  issn = {1551-6709},
  doi = {10.1111/cogs.12774},
  url = {https://onlinelibrary.wiley.com/doi/abs/10.1111/cogs.12774},
  urldate = {2020-10-01},
  langid = {english},
  keywords = {Audience design,Common ground,Language production,Multiparty conversation,read,Reference},
}

@article{yoonContextualIntegrationMultiparty2019,
  title = {Contextual {{Integration}} in {{Multiparty Audience Design}}},
  author = {Yoon, Si On and Brown‚ÄêSchmidt, Sarah},
  date = {2019},
  journaltitle = {Cogn. Sci.},
  volume = {43},
  number = {12},
  pages = {e12807},
  issn = {1551-6709},
  doi = {10.1111/cogs.12807},
  url = {https://onlinelibrary.wiley.com/doi/abs/10.1111/cogs.12807},
  urldate = {2020-10-01},
  langid = {english},
  keywords = {Audience design,Common ground,Language production,Multiparty conversation,read,Reference},
}
